[gd_scene load_steps=10 format=2]

[ext_resource path="res://editor/section-graphnode.gd" type="Script" id=1]
[ext_resource path="res://editor/section-option.tscn" type="PackedScene" id=2]
[ext_resource path="res://assets/icons/icon_add.svg" type="Texture" id=3]
[ext_resource path="res://assets/icons/icon_pencil.svg" type="Texture" id=4]
[ext_resource path="res://assets/icons/icon_rocket.svg" type="Texture" id=5]
[ext_resource path="res://assets/icons/icon_rocket_disabled.svg" type="Texture" id=6]
[ext_resource path="res://assets/icons/icon_brush.svg" type="Texture" id=7]
[ext_resource path="res://assets/icons/icon_note.svg" type="Texture" id=8]

[sub_resource type="StyleBoxFlat" id=1]

[node name="StorySection" type="GraphNode"]
margin_right = 264.0
margin_bottom = 224.0
rect_min_size = Vector2( 100, 75 )
mouse_filter = 1
show_close = true
resizable = true
slot/0/left_enabled = false
slot/0/left_type = 0
slot/0/left_color = Color( 1, 1, 1, 1 )
slot/0/right_enabled = false
slot/0/right_type = 0
slot/0/right_color = Color( 1, 1, 1, 1 )
slot/1/left_enabled = false
slot/1/left_type = 0
slot/1/left_color = Color( 1, 1, 1, 1 )
slot/1/right_enabled = false
slot/1/right_type = 0
slot/1/right_color = Color( 1, 1, 1, 1 )
script = ExtResource( 1 )
option_scene = ExtResource( 2 )
DEFAULT_LEFT_COLOR = Color( 1, 1, 1, 1 )
DEFAULT_RIGHT_COLOR = Color( 1, 1, 1, 1 )

[node name="HBoxContainer" type="HBoxContainer" parent="."]
margin_left = 16.0
margin_top = 24.0
margin_right = 248.0
margin_bottom = 48.0
size_flags_horizontal = 3
alignment = 2

[node name="AddOptionButton" type="Button" parent="HBoxContainer"]
margin_right = 28.0
margin_bottom = 24.0
icon = ExtResource( 3 )
flat = true

[node name="EditSectionButton" type="Button" parent="HBoxContainer"]
margin_left = 32.0
margin_right = 60.0
margin_bottom = 24.0
icon = ExtResource( 4 )
flat = true

[node name="Control" type="Control" parent="HBoxContainer"]
margin_left = 64.0
margin_right = 168.0
margin_bottom = 24.0
mouse_filter = 1
size_flags_horizontal = 3

[node name="StartCheckBox" type="CheckBox" parent="HBoxContainer"]
margin_left = 172.0
margin_right = 196.0
margin_bottom = 24.0
custom_icons/radio_checked = ExtResource( 5 )
custom_icons/radio_unchecked = ExtResource( 6 )

[node name="ColorPickerButton" type="ColorPickerButton" parent="HBoxContainer"]
margin_left = 200.0
margin_right = 232.0
margin_bottom = 24.0
rect_min_size = Vector2( 32, 0 )
custom_styles/normal = SubResource( 1 )
edit_alpha = false

[node name="TextureRect" type="TextureRect" parent="HBoxContainer/ColorPickerButton"]
anchor_right = 1.0
anchor_bottom = 1.0
texture = ExtResource( 7 )
expand = true
stretch_mode = 4

[node name="NoteIndicator" type="TextureRect" parent="HBoxContainer"]
visible = false
margin_left = 208.0
margin_right = 232.0
margin_bottom = 24.0
rect_min_size = Vector2( 24, 24 )
texture = ExtResource( 8 )
stretch_mode = 4

[node name="Label" type="Label" parent="."]
margin_left = 16.0
margin_top = 49.0
margin_right = 248.0
margin_bottom = 63.0
align = 1
autowrap = true

[connection signal="close_request" from="." to="." method="_on_StorySection_close_request"]
[connection signal="resize_request" from="." to="." method="_on_GraphNode_resize_request"]
[connection signal="pressed" from="HBoxContainer/AddOptionButton" to="." method="_on_AddOptionButton_pressed"]
[connection signal="pressed" from="HBoxContainer/EditSectionButton" to="." method="_on_EditSectionButton_pressed"]
[connection signal="toggled" from="HBoxContainer/StartCheckBox" to="." method="_on_StartCheckBox_toggled"]
[connection signal="color_changed" from="HBoxContainer/ColorPickerButton" to="." method="_on_ColorPickerButton_color_changed"]
