[gd_scene load_steps=2 format=2]

[ext_resource path="res://editor/section-window.gd" type="Script" id=1]

[node name="SectionWindow" type="WindowDialog"]
margin_right = 711.0
margin_bottom = 545.0
rect_min_size = Vector2( 450, 450 )
window_title = "Section"
resizable = true
script = ExtResource( 1 )

[node name="VBoxContainer" type="VBoxContainer" parent="."]
anchor_right = 1.0
anchor_bottom = 1.0
margin_left = 10.0
margin_top = 10.0
margin_right = -10.0
margin_bottom = -10.0
size_flags_horizontal = 3
size_flags_vertical = 3
custom_constants/separation = 5

[node name="TitleHBoxContainer" type="HBoxContainer" parent="VBoxContainer"]
margin_right = 691.0
margin_bottom = 24.0
custom_constants/separation = 5

[node name="Label" type="Label" parent="VBoxContainer/TitleHBoxContainer"]
margin_top = 5.0
margin_right = 100.0
margin_bottom = 19.0
rect_min_size = Vector2( 100, 0 )
text = "Title"

[node name="LineEdit" type="LineEdit" parent="VBoxContainer/TitleHBoxContainer"]
margin_left = 105.0
margin_right = 691.0
margin_bottom = 24.0
size_flags_horizontal = 3

[node name="LabelHBoxContainer" type="HBoxContainer" parent="VBoxContainer"]
margin_top = 29.0
margin_right = 691.0
margin_bottom = 53.0
custom_constants/separation = 5

[node name="Label" type="Label" parent="VBoxContainer/LabelHBoxContainer"]
margin_top = 5.0
margin_right = 100.0
margin_bottom = 19.0
rect_min_size = Vector2( 100, 0 )
text = "Section label"

[node name="LineEdit" type="LineEdit" parent="VBoxContainer/LabelHBoxContainer"]
margin_left = 105.0
margin_right = 691.0
margin_bottom = 24.0
size_flags_horizontal = 3

[node name="ContentHBoxContainer" type="HBoxContainer" parent="VBoxContainer"]
margin_top = 58.0
margin_right = 691.0
margin_bottom = 211.0
size_flags_horizontal = 3
size_flags_vertical = 3
custom_constants/separation = 5

[node name="Label" type="Label" parent="VBoxContainer/ContentHBoxContainer"]
margin_top = 69.0
margin_right = 100.0
margin_bottom = 83.0
rect_min_size = Vector2( 100, 0 )
text = "Content"

[node name="TextEdit" type="TextEdit" parent="VBoxContainer/ContentHBoxContainer"]
margin_left = 105.0
margin_right = 691.0
margin_bottom = 153.0
rect_min_size = Vector2( 0, 150 )
mouse_default_cursor_shape = 0
size_flags_horizontal = 3
size_flags_vertical = 3
highlight_current_line = true
syntax_highlighting = true
show_line_numbers = true
highlight_all_occurrences = true
smooth_scrolling = true
wrap_enabled = true
caret_blink = true

[node name="TagsHBoxContainer" type="HBoxContainer" parent="VBoxContainer"]
margin_top = 216.0
margin_right = 691.0
margin_bottom = 240.0
custom_constants/separation = 5

[node name="Label" type="Label" parent="VBoxContainer/TagsHBoxContainer"]
margin_top = 5.0
margin_right = 100.0
margin_bottom = 19.0
rect_min_size = Vector2( 100, 0 )
text = "Tags"

[node name="LineEdit" type="LineEdit" parent="VBoxContainer/TagsHBoxContainer"]
margin_left = 105.0
margin_right = 691.0
margin_bottom = 24.0
size_flags_horizontal = 3

[node name="MetadataHBoxContainer" type="HBoxContainer" parent="VBoxContainer"]
margin_top = 245.0
margin_right = 691.0
margin_bottom = 395.0
custom_constants/separation = 5

[node name="Label" type="Label" parent="VBoxContainer/MetadataHBoxContainer"]
margin_top = 68.0
margin_right = 100.0
margin_bottom = 82.0
rect_min_size = Vector2( 100, 0 )
text = "Metadata"

[node name="TextEdit" type="TextEdit" parent="VBoxContainer/MetadataHBoxContainer"]
margin_left = 105.0
margin_right = 691.0
margin_bottom = 150.0
rect_min_size = Vector2( 0, 150 )
mouse_default_cursor_shape = 0
size_flags_horizontal = 3
highlight_current_line = true
syntax_highlighting = true
show_line_numbers = true

[node name="NotesHBoxContainer" type="HBoxContainer" parent="VBoxContainer"]
margin_top = 400.0
margin_right = 691.0
margin_bottom = 500.0
custom_constants/separation = 5

[node name="Label" type="Label" parent="VBoxContainer/NotesHBoxContainer"]
margin_top = 43.0
margin_right = 100.0
margin_bottom = 57.0
rect_min_size = Vector2( 100, 0 )
text = "Notes"

[node name="TextEdit" type="TextEdit" parent="VBoxContainer/NotesHBoxContainer"]
margin_left = 105.0
margin_right = 691.0
margin_bottom = 100.0
rect_min_size = Vector2( 0, 100 )
mouse_default_cursor_shape = 0
size_flags_horizontal = 3
highlight_current_line = true
syntax_highlighting = true
show_line_numbers = true

[node name="HBoxContainer" type="HBoxContainer" parent="VBoxContainer"]
margin_top = 505.0
margin_right = 691.0
margin_bottom = 525.0
alignment = 2

[node name="Button" type="Button" parent="VBoxContainer/HBoxContainer"]
margin_left = 650.0
margin_right = 691.0
margin_bottom = 20.0
text = "Save"

[connection signal="pressed" from="VBoxContainer/HBoxContainer/Button" to="." method="_on_Button_pressed"]
